@inproceedings{Langacker:2009my,
      author         = "Langacker, Paul",
      title          = "{Introduction to the Standard Model and Electroweak Physics}",
      booktitle      = "{Proceedings of Theoretical Advanced Study Institute in
                        Elementary Particle Physics on The dawn of the LHC era
                        (TASI 2008): Boulder, USA, June 2-27, 2008}",
      doi            = "10.1142/9789812838360_0001",
      year           = "2010",
      pages          = "3-48",
      eprint         = "0901.0241",
      archivePrefix  = "arXiv",
      primaryClass   = "hep-ph",
      SLACcitation   = "%%CITATION = ARXIV:0901.0241;%%"
}

@article{Pich:2015lkh,
      author         = "Pich, Antonio",
      title          = "{Electroweak Symmetry Breaking and the Higgs Boson}",
      booktitle      = "{Proceedings, 55th Cracow School of Theoretical Physics:
                        Particles and resonances of the Standard Model and beyond:
                        Zakopane, Poland, June 20-28, 2015}",
      journal        = "Acta Phys. Polon.",
      volume         = "B47",
      year           = "2016",
      pages          = "151",
      doi            = "10.5506/APhysPolB.47.151",
      eprint         = "1512.08749",
      archivePrefix  = "arXiv",
      primaryClass   = "hep-ph",
      reportNumber   = "IFIC-15-92, FTUV-15-1229",
      SLACcitation   = "%%CITATION = ARXIV:1512.08749;%%"
}

@article{Dremin:2005wd,
      author         = "Dremin, I. M.",
      title          = "{Soft and hard processes in QCD}",
      journal        = "JETP Lett.",
      volume         = "81",
      year           = "2005",
      pages          = "307-310",
      doi            = "10.1134/1.1944068",
      note           = "[Pisma Zh. Eksp. Teor. Fiz.81,391(2005)]",
      eprint         = "hep-ph/0501203",
      archivePrefix  = "arXiv",
      primaryClass   = "hep-ph",
      SLACcitation   = "%%CITATION = HEP-PH/0501203;%%"
}

@inproceedings{Womersley:2000cx,
      author         = "Womersley, John",
      title          = "{QCD at the Tevatron: Status and prospects}",
      booktitle      = "{Proceedings, 5th International Symposium on Radiative
                        Corrections - RADCOR 2000}",
      url            = "http://www.slac.stanford.edu/econf/C000911/",
      year           = "2000",
      eprint         = "hep-ex/0012061",
      archivePrefix  = "arXiv",
      primaryClass   = "hep-ex",
      reportNumber   = "FERMILAB-CONF-00-333-E",
      SLACcitation   = "%%CITATION = HEP-EX/0012061;%%"
}

@article{Lin:2017snn,
      author         = "Lin, Huey-Wen and others",
      title          = "{Parton distributions and lattice QCD calculations: a
                        community white paper}",
      journal        = "Prog. Part. Nucl. Phys.",
      volume         = "100",
      year           = "2018",
      pages          = "107-160",
      doi            = "10.1016/j.ppnp.2018.01.007",
      eprint         = "1711.07916",
      archivePrefix  = "arXiv",
      primaryClass   = "hep-ph",
      reportNumber   = "DESY-17-185, IFJPAN-IV-2017-19, INT-PUB-17-042,
                        JLAB-THY-17-2604, MSUHEP-17-017, OUTP-17-15P,
                        SMU-HEP-17-08, NIKHEF-2017-047",
      SLACcitation   = "%%CITATION = ARXIV:1711.07916;%%"
}

@article{Collins:1989gx,
      author         = "Collins, John C. and Soper, Davison E. and Sterman,
                        George F.",
      title          = "{Factorization of Hard Processes in QCD}",
      journal        = "Adv. Ser. Direct. High Energy Phys.",
      volume         = "5",
      year           = "1989",
      pages          = "1-91",
      doi            = "10.1142/9789814503266_0001",
      eprint         = "hep-ph/0409313",
      archivePrefix  = "arXiv",
      primaryClass   = "hep-ph",
      reportNumber   = "ITP-SB-89-31",
      SLACcitation   = "%%CITATION = HEP-PH/0409313;%%"
}

@article{Stirling:1194745,
      author        = "Stirling, William James",
      title         = "{Perturbative QCD}",
      number        = "CERN-OPEN-2000-296",
      pages         = "40 p",
      year          = "2000",
      reportNumber  = "CERN-OPEN-2000-296",
      url           = "https://cds.cern.ch/record/1194745",
      doi           = "10.5170/CERN-2000-007.305",
}

@article{Grojean:2243593,
      author        = "Grojean, C.",
      title         = "{Higgs Physics}",
      number        = "arXiv:1708.00794",
      pages         = "143-158. 12 p",
      month         = "Aug",
      year          = "2017",
      reportNumber  = "arXiv:1708.00794",
      url           = "https://cds.cern.ch/record/2243593",
      note          = "12 pages, contribution to the CERN in the Proceedings of
                       the 2015 CERN-Latin-American School of High-Energy Physics,
                       Ibarra, Ecuador, 4 - 17 March 2015",
      doi           = "10.5170/CERN-2016-005.143",
}

@book{deFlorian:2227475,
      title         = "{Handbook of LHC Higgs Cross Sections: 4. Deciphering the
                       Nature of the Higgs Sector}",
      collaboration = "LHC Higgs Cross Section Working Group",
      series        = "CERN Yellow Reports: Monographs",
      month         = "Oct",
      year          = "2016",
      reportNumber  = "FERMILAB-FN-1025-T",
      url           = "https://cds.cern.ch/record/2227475",
      note          = "869 pages, 295 figures, 248 tables and 1645 citations.
                       Working Group web page:
                       https://twiki.cern.ch/twiki/bin/view/LHCPhysics/LHCHXSWG",
      doi           = "10.23731/CYRM-2017-002",
}


@book{Heinemeyer:1559921,
      editor        = "Heinemeyer, S",
      title         = "{Handbook of LHC Higgs Cross Sections: 3. Higgs
                       Properties: Report of the LHC Higgs Cross Section Working
                       Group}",
      collaboration = "LHC Higgs Cross Section Working Group",
      series        = "CERN Yellow Reports: Monographs",
      month         = "Jul",
      year          = "2013",
      reportNumber  = "CERN-2013-004",
      url           = "https://cds.cern.ch/record/1559921",
      note          = "Comments: 404 pages, 139 figures, to be submitted to CERN
                       Report. Working Group web page:
                       https://twiki.cern.ch/twiki/bin/view/LHCPhysics/CrossSections",
      doi           = "10.5170/CERN-2013-004",
}

@article{Evans_2008,
	doi = {10.1088/1748-0221/3/08/s08001},
	url = {https://doi.org/10.1088%2F1748-0221%2F3%2F08%2Fs08001},
	year = 2008,
	month = {aug},
	publisher = {{IOP} Publishing},
	volume = {3},
	number = {08},
	pages = {S08001--S08001},
	author = {Lyndon Evans and Philip Bryant},
	title = {{LHC} Machine},
	journal = {Journal of Instrumentation},
}

@article{Bruning:2004ej,
      author         = "Bruning, Oliver S. and Collier, P. and Lebrun, P. and
                        Myers, S. and Ostojic, R. and Poole, J. and Proudlock, P.",
      title          = "{LHC Design Report Vol.1: The LHC Main Ring}",
      year           = "2004",
      reportNumber   = "CERN-2004-003-V1, CERN-2004-003, CERN-2004-003-V-1",
      SLACcitation   = "%%CITATION = CERN-2004-003-V1;%%"
}

@article{Buning:2004wk,
      author         = "Buning, O. and Collier, P. and Lebrun, P. and Myers, S.
                        and Ostojic, R. and Poole, J. and Proudlock, P.",
      title          = "{LHC Design Report. 2. The LHC infrastructure and general
                        services}",
      year           = "2004",
      reportNumber   = "CERN-2004-003-V-2, CERN-2004-003",
      SLACcitation   = "%%CITATION = CERN-2004-003-V-2;%%"
}

@article{Benedikt:2004wm,
      author         = "Benedikt, M. and Collier, P. and Mertens, V. and Poole,
                        J. and Schindl, K.",
      title          = "{LHC Design Report. 3. The LHC injector chain}",
      year           = "2004",
      reportNumber   = "CERN-2004-003-V-3, CERN-2004-003",
      SLACcitation   = "%%CITATION = CERN-2004-003-V-3;%%"
}

@article{Mobs:2197559,
      author        = "Mobs, Esma",
      title         = "{The CERN accelerator complex. Complexe des
                       accélérateurs du CERN}",
      month         = "Jul",
      year          = "2016",
      reportNumber  = "OPEN-PHO-ACCEL-2016-009",
      url           = "https://cds.cern.ch/record/2197559",
      note          = "General Photo",
}

@article{Collaboration_2008,
	doi = {10.1088/1748-0221/3/08/s08003},
	url = {https://doi.org/10.1088%2F1748-0221%2F3%2F08%2Fs08003},
	year = 2008,
	month = {aug},
	publisher = {{IOP} Publishing},
	volume = {3},
	number = {08},
	pages = {S08003--S08003},
	title = {The {ATLAS} Experiment at the {CERN} Large Hadron Collider},
	author = {ATLAS Collaboration},
	journal = {Journal of Instrumentation},
}

@phdthesis{Perez:phdthesis,
	author = {Perez, Genessis},
	year = {2018},
	month = {01},
	pages = {},
	title = {Unitarization Models For Vector Boson Scattering at the LHC},
	doi = {10.5445/IR/1000082199}
}

@unpublished{Pequenao:1095924,
      author        = "Joao Pequenao",
      title         = "{Computer generated image of the whole ATLAS detector}",
      month         = "Mar",
      year          = "2008",
      reportNumber  = "CERN-GE-0803012",
      url           = "https://cds.cern.ch/record/1095924",
}

@phdthesis{McFayden:phdthesis,
	author = {McFayden, John},
	year = {2014},
	month = {06},
	pages = {},
	title = {The LHC and ATLAS Detector. In: Third generation SUSY and t¯t +Z productin.},
	doi = {10.1007/978-3-319-07191-6_2}
}

@article{Aad:1698966,
      author        = "ATLAS Collabration",
      title         = "{Operation and performance of the ATLAS semiconductor
                       tracker. Operation and performance of the ATLAS
                       semiconductor tracker}",
      journal       = "JINST",
      collaboration = "ATLAS Collaboration",
      number        = "CERN-PH-EP-2014-049. CERN-PH-EP-2014-049",
      volume        = "9",
      pages         = "P08009. 80 p",
      month         = "Apr",
      year          = "2014",
      reportNumber  = "CERN-PH-EP-2014-049",
      url           = "https://cds.cern.ch/record/1698966",
      note          = "Comments: 60 pages plus author list (80 pages total), 33
                       figures, 10 tables, submitted to JINST. All figures are
                       available at
                       http://atlas.web.cern.ch/Atlas/GROUPS/PHYSICS/PAPERS/IDET-2013-01/
                       v2: replaced unreadable labels in Fig. 2",
      doi           = "10.1088/1748-0221/9/08/P08009",
}

@article{Mullier:2016,
	author = {Mullier, G.},
	year = {2016},
	month = {02},
	pages = {C02061-C02061},
	title = {The upgraded Pixel Detector of the ATLAS experiment for Run-2 at the Large Hadron Collider},
	volume = {11},
	journal = {Journal of Instrumentation},
	doi = {10.1088/1748-0221/11/02/C02061}
}

@phdthesis{Sultan:phdthesis,
	author = {Sultan, D M S},
	year = {2017},
	month = {06},
	pages = {},
	title = {Development of Small-Pitch, Thin 3D Sensors for Pixel Detector Upgrades at HL-LHC},
	doi = {10.13140/RG.2.2.36253.82403/1}
}

@article{TRT_2008,
	doi = {10.1088/1748-0221/3/02/p02013},
	url = {https://doi.org/10.1088%2F1748-0221%2F3%2F02%2Fp02013},
	year = 2008,
	month = {feb},
	publisher = {{IOP} Publishing},
	volume = {3},
	number = {02},
	pages = {P02013--P02013},
	title = {The {ATLAS} Transition Radiation Tracker ({TRT}) proportional drift tube: design and performance},
	journal = {Journal of Instrumentation},
}

@article{Buchanan:2008,
	author = {Buchanan, N and Chen, Liuming and Gingrich, D and Liu, Shutian and Chen, Hungwei and Kierstead, James and Lanni, Francesco and Lissauer, D and Ma, Hong and Makowiecki, D. and Radeka, Veljko and Rescia, Sergio and Takai, Helio and Ghazlane, Hamid and Hoummada, A. and Wilkens, H and Bán, J. and Boettcher, S and Teng, P},
	year = {2008},
	month = {03},
	pages = {P03004},
	title = {Design and implementation of the Front End Board for the readout of the ATLAS liquid argon calorimeters},
	volume = {3},
	journal = {Journal of Instrumentation},
	doi = {10.1088/1748-0221/3/03/P03004}
}

@book{CERN-LHCC-96-041,
      title         = "{ATLAS liquid-argon calorimeter: Technical Design Report}",
      publisher     = "CERN",
      collaboration = "ATLAS Collaboration",
      address       = "Geneva",
      series        = "Technical Design Report ATLAS",
      year          = "1996",
      reportNumber  = "CERN-LHCC-96-041",
      url           = "https://cds.cern.ch/record/331061",
}

@article{Aad:2010,
	author = {Aad, G. and Abbott, B and Abdallah, Jasmin and Abdelalim, Ahmed and Abdelouahab, Abdesselam and Abdinov, O. and Abi, B. and Abolins, M and Abramowicz, H and Abreu, Heather and Acharya, Bobby and Adams, D.L. and Addy, Tetteh and Adelman, J and Adorisio, C. and Adragna, Paolo and Adye, T and Aefsky, S. and Aguilar-Saavedra, J. and Zutshi, V},
	year = {2010},
	month = {01},
	pages = {},
	title = {Readiness of the ATLAS Tile Calorimeter for LHC collisions},
	journal = {European Physical Journal C}
}

@inproceedings{Sliwa:2013oua,
      author         = "Sliwa, Krzysztof",
      title          = "{"ATLAS Overview and Main Results"}",
      booktitle      = "{Proceedings, International School on High Energy Physics
                        : Workshop on High Energy Physics in the near Future.
                        (LISHEP 2013): Rio de Janeiro, Brazil, March 17-24, 2013}",
      collaboration  = "ATLAS",
      year           = "2013",
      eprint         = "1305.4551",
      archivePrefix  = "arXiv",
      primaryClass   = "hep-ex",
      reportNumber   = "ATLAS-COM-PHYS-2013-310",
      SLACcitation   = "%%CITATION = ARXIV:1305.4551;%%"
}

@techreport{Ruiz-Martinez:2133909,
      author        = "Ruiz-Martinez, Aranzazu and ATLAS Collaboration",
      title         = "{The Run-2 ATLAS Trigger System}",
      institution   = "CERN",
      address       = "Geneva",
      number        = "ATL-DAQ-PROC-2016-003",
      month         = "Feb",
      year          = "2016",
      reportNumber  = "ATL-DAQ-PROC-2016-003",
      url           = "https://cds.cern.ch/record/2133909",
      doi           = "10.1088/1742-6596/762/1/012003",
}

@techreport{Pasztor:2063746,
      author        = "Pásztor, Gabriella",
      title         = "{The Upgrade of the ATLAS Electron and Photon Triggers
                       towards LHC Run 2 and their Performance}",
      institution   = "CERN",
      collaboration = "ATLAS collaboration",
      address       = "Geneva",
      number        = "ATL-DAQ-PROC-2015-053. arXiv:1511.00334",
      month         = "Oct",
      year          = "2015",
      reportNumber  = "ATL-DAQ-PROC-2015-053",
      url           = "https://cds.cern.ch/record/2063746",
      note          = "Comments: Presentation at the DPF 2015 Meeting of the
                       American Physical Society Division of Particles and Fields,
                       Ann Arbor, Michigan, August 4-8, 2015",
}

@techreport{atlas:athena,
	author      = "ATLAS Collaboration",
	title       = "ATLAS computing: Technical design report",
        institution   = "CERN",
        address       = "Geneva",
        url           = "http://atlas-computing.web.cern.ch/atlas-computing/packages/athenaCore/athenaCore.php",
}

@article{Aad:2010ah,
      author         = "Aad, G. and others",
      title          = "{The ATLAS Simulation Infrastructure}",
      collaboration  = "ATLAS",
      journal        = "Eur. Phys. J.",
      volume         = "C70",
      year           = "2010",
      pages          = "823-874",
      doi            = "10.1140/epjc/s10052-010-1429-9",
      eprint         = "1005.4568",
      archivePrefix  = "arXiv",
      primaryClass   = "physics.ins-det",
      SLACcitation   = "%%CITATION = ARXIV:1005.4568;%%"
}

@article{Gleisberg_2009,
	doi = {10.1088/1126-6708/2009/02/007},
	url = {https://doi.org/10.1088%2F1126-6708%2F2009%2F02%2F007},
	year = 2009,
	month = {feb},
	publisher = {Springer Science and Business Media {LLC}},
	volume = {2009},
	number = {02},
	pages = {007--007},
	author = {T Gleisberg and S Höche and F Krauss and M Schönherr and S Schumann and F Siegert and J Winter},
	title = {Event generation with {SHERPA} 1.1},
	journal = {Journal of High Energy Physics},
}

@Article{Bahr2008,
	author="B{\"a}hr, Manuel
	and Gieseke, Stefan
	and Gigg, Martyn A.
	and Grellscheid, David
	and Hamilton, Keith
	and Latunde-Dada, Oluseyi
	and Pl{\"a}tzer, Simon
	and Richardson, Peter
	and Seymour, Michael H.
	and Sherstnev, Alexander
	and Webber, Bryan R.",
	title="Herwig++ physics and manual",
	journal="The European Physical Journal C",
	year="2008",
	month="Dec",
	day="01",
	volume="58",
	number="4",
	pages="639--707",
doi="10.1140/epjc/s10052-008-0798-9",
url="https://doi.org/10.1140/epjc/s10052-008-0798-9"
}

@article{Nason:2004rx,
      author         = "Nason, Paolo",
      title          = "{A New method for combining NLO QCD with shower Monte
                        Carlo algorithms}",
      journal        = "JHEP",
      volume         = "11",
      year           = "2004",
      pages          = "040",
      doi            = "10.1088/1126-6708/2004/11/040",
      eprint         = "hep-ph/0409146",
      archivePrefix  = "arXiv",
      primaryClass   = "hep-ph",
      reportNumber   = "BICOCCA-FT-04-11",
      SLACcitation   = "%%CITATION = HEP-PH/0409146;%%"
}

@article{Frixione_2002,
	doi = {10.1088/1126-6708/2002/06/029},
	url = {https://doi.org/10.1088%2F1126-6708%2F2002%2F06%2F029},
	year = 2002,
	month = {jun},
	publisher = {Springer Nature},
	volume = {2002},
	number = {06},
	pages = {029--029},
	author = {Stefano Frixione and Bryan R Webber},
	title = {Matching {NLO} {QCD} computations and parton shower simulations},
	journal = {Journal of High Energy Physics},
}

@article{Sjostrand:2007gs,
      author         = "Sjostrand, Torbjorn and Mrenna, Stephen and Skands, Peter
                        Z.",
      title          = "{A Brief Introduction to PYTHIA 8.1}",
      journal        = "Comput. Phys. Commun.",
      volume         = "178",
      year           = "2008",
      pages          = "852-867",
      doi            = "10.1016/j.cpc.2008.01.036",
      eprint         = "0710.3820",
      archivePrefix  = "arXiv",
      primaryClass   = "hep-ph",
      reportNumber   = "CERN-LCGAPP-2007-04, LU-TP-07-28,
                        FERMILAB-PUB-07-512-CD-T",
      SLACcitation   = "%%CITATION = ARXIV:0710.3820;%%"
}

@inproceedings{Hoche:2014rga,
      author         = "Hoche, Stefan",
      title          = "{Introduction to parton-shower event generators}",
      booktitle      = "{Proceedings, Theoretical Advanced Study Institute in
                        Elementary Particle Physics: Journeys Through the
                        Precision Frontier: Amplitudes for Colliders (TASI 2014):
                        Boulder, Colorado, June 2-27, 2014}",
      year           = "2015",
      pages          = "235-295",
      doi            = "10.1142/9789814678766_0005",
      eprint         = "1411.4085",
      archivePrefix  = "arXiv",
      primaryClass   = "hep-ph",
      reportNumber   = "SLAC-PUB-16160",
      SLACcitation   = "%%CITATION = ARXIV:1411.4085;%%"
}

@inproceedings{Barberio:2007gba,
      author         = "Barberio, E. and others",
      title          = "{The Geant4-Based ATLAS Fast Electromagnetic Shower
                        Simulation}",
      booktitle      = "{Astroparticle, particle and space physics, detectors and
                        medical physics applications. Proceedings, 10th
                        Conference, ICATPP 2007, Como, Italy, October 8-12, 2007}",
      year           = "2008",
      url            = "http://cdsweb.cern.ch/record/1064665/files/soft-conf-2007-002.pdf",
      pages          = "802-806",
      doi            = "10.1142/9789812819093_0133",
      reportNumber   = "ATL-SOFT-CONF-2007-002, ATL-COM-SOFT-2007-014",
      SLACcitation   = "%%CITATION = ATL-SOFT-CONF-2007-002;%%"
}

@techreport{Richter-Was:683751,
      author        = "Richter-Was, Elzbieta and Froidevaux, D and Poggioli, Luc",
      title         = "{ATLFAST 2.0 a fast simulation package for ATLAS}",
      institution   = "CERN",
      address       = "Geneva",
      number        = "ATL-PHYS-98-131",
      month         = "Nov",
      year          = "1998",
      reportNumber  = "ATL-PHYS-98-131",
      url           = "https://cds.cern.ch/record/683751",
}

@techreport{Edmonds:1091969,
      author        = "Edmonds, K and Fleischmann, S and Lenz, T and Magass, C
                       and Mechnich, J and Salzburger, A",
      title         = "{The Fast ATLAS Track Simulation (FATRAS)}",
      institution   = "CERN",
      address       = "Geneva",
      number        = "ATL-SOFT-PUB-2008-001. ATL-COM-SOFT-2008-002",
      month         = "Mar",
      year          = "2008",
      reportNumber  = "ATL-SOFT-PUB-2008-001",
      url           = "https://cds.cern.ch/record/1091969",
}

@article{Boyd_2010,
	doi = {10.1088/1742-6596/219/3/032059},
	url = {https://doi.org/10.1088%2F1742-6596%2F219%2F3%2F032059},
	year = 2010,
	month = {apr},
	publisher = {{IOP} Publishing},
	volume = {219},
	number = {3},
	pages = {032059},
	author = {J T Boyd and M J Costa and A Tonoyan and the Atlas Collaboration},
	title = {Commissioning of the {ATLAS} reconstruction software with first data},
	journal = {Journal of Physics: Conference Series},
}

@techreport{Cornelissen:1020106,
      author        = "Cornelissen, T and Elsing, M and Fleischmann, S and
                       Liebig, W and Moyse, E and Salzburger, A",
      title         = "{Concepts, Design and Implementation of the ATLAS New
                       Tracking (NEWT)}",
      institution   = "CERN",
      address       = "Geneva",
      number        = "ATL-SOFT-PUB-2007-007. ATL-COM-SOFT-2007-002",
      month         = "Mar",
      year          = "2007",
      reportNumber  = "ATL-SOFT-PUB-2007-007",
      url           = "https://cds.cern.ch/record/1020106",
}

@article{Aad:2016jkr,
      author         = "Aad, Georges and others",
      title          = "{Muon reconstruction performance of the ATLAS detector in
                        proton-proton collision data at $\sqrt{s}$ =13 TeV}",
      collaboration  = "ATLAS",
      journal        = "Eur. Phys. J.",
      volume         = "C76",
      year           = "2016",
      number         = "5",
      pages          = "292",
      doi            = "10.1140/epjc/s10052-016-4120-y",
      eprint         = "1603.05598",
      archivePrefix  = "arXiv",
      primaryClass   = "hep-ex",
      reportNumber   = "CERN-EP-2016-033",
      SLACcitation   = "%%CITATION = ARXIV:1603.05598;%%"
}

@article{ILLINGWORTH198887,
	title = "A survey of the hough transform",
	journal = "Computer Vision, Graphics, and Image Processing",
	volume = "44",
	number = "1",
	pages = "87 - 116",
	year = "1988",
	issn = "0734-189X",
	doi = "https://doi.org/10.1016/S0734-189X(88)80033-1",
	url = "http://www.sciencedirect.com/science/article/pii/S0734189X88800331",
	author = "J. Illingworth and J. Kittler",
}

@techreport{ATL-PHYS-PUB-2015-026,
      title         = "{Vertex Reconstruction Performance of the ATLAS Detector at 13 TeV}",
      institution   = "CERN",
      address       = "Geneva",
      number        = "ATL-PHYS-PUB-2015-026",
      month         = "Jul",
      year          = "2015",
      reportNumber  = "ATL-PHYS-PUB-2015-026",
      url           = "https://cds.cern.ch/record/2037717",
}

@article{Aaboud:2016rmg,
      author         = "Aaboud, Morad and others",
      title          = "{Reconstruction of primary vertices at the ATLAS
                        experiment in Run 1 proton-proton collisions at the
                        LHC}",
      collaboration  = "ATLAS",
      journal        = "Eur. Phys. J.",
      volume         = "C77",
      year           = "2017",
      number         = "5",
      pages          = "332",
      doi            = "10.1140/epjc/s10052-017-4887-5",
      eprint         = "1611.10235",
      archivePrefix  = "arXiv",
      primaryClass   = "physics.ins-det",
      reportNumber   = "CERN-EP-2016-150",
      SLACcitation   = "%%CITATION = ARXIV:1611.10235;%%"
}

@techreport{ATLAS-CONF-2016-024,
      title         = "{Electron efficiency measurements with the ATLAS detector
                       using the 2015 LHC proton-proton collision data}",
      institution   = "CERN",
      collaboration = "ATLAS Collaboration",
      address       = "Geneva",
      number        = "ATLAS-CONF-2016-024",
      month         = "Jun",
      year          = "2016",
      reportNumber  = "ATLAS-CONF-2016-024",
      url           = "https://cds.cern.ch/record/2157687",
}

@techreport{Lampl:1099735,
      author        = "Lampl, W and Laplace, S and Lelas, D and Loch, P and Ma, H
                       and Menke, S and Rajagopalan, S and Rousseau, D and Snyder,
                       S and Unal, G",
      title         = "{Calorimeter Clustering Algorithms: Description and
                       Performance}",
      institution   = "CERN",
      address       = "Geneva",
      number        = "ATL-LARG-PUB-2008-002. ATL-COM-LARG-2008-003",
      month         = "Apr",
      year          = "2008",
      reportNumber  = "ATL-LARG-PUB-2008-002",
      url           = "https://cds.cern.ch/record/1099735",
}

@article{Cornelissen_2008,
	doi = {10.1088/1742-6596/119/3/032013},
	url = {https://doi.org/10.1088%2F1742-6596%2F119%2F3%2F032013},
	year = 2008,
	month = {jul},
	publisher = {{IOP} Publishing},
	volume = {119},
	number = {3},
	pages = {032013},
	author = {T G Cornelissen and M Elsing and I Gavrilenko and J-F Laporte and W Liebig and M Limper and K Nikolopoulos and A Poppleton and A Salzburger},
	title = {The global $\upchi$2track fitter in {ATLAS}},
	journal = {Journal of Physics: Conference Series},
}

@techreport{ATLAS-CONF-2014-032,
      title         = "{Electron efficiency measurements with the ATLAS detector
                       using the 2012 LHC proton-proton collision data}",
      institution   = "CERN",
      address       = "Geneva",
      number        = "ATLAS-CONF-2014-032",
      month         = "Jun",
      year          = "2014",
      reportNumber  = "ATLAS-CONF-2014-032",
      url           = "http://cds.cern.ch/record/1706245",
}

@phdthesis{Limper:1202457,
      author        = "Limper, M",
      title         = "{Track and vertex reconstruction in the ATLAS inner
                       detector}",
      year          = "2009",
      reportNumber  = "CERN-THESIS-2009-061",
      url           = "http://cds.cern.ch/record/1202457",
      note          = "Presented on 12 Oct 2009",
}

@article{Aad:2016upy,
      author         = "Aad, Georges and others",
      title          = "{Topological cell clustering in the ATLAS calorimeters
                        and its performance in LHC Run 1}",
      collaboration  = "ATLAS",
      journal        = "Eur. Phys. J.",
      volume         = "C77",
      year           = "2017",
      pages          = "490",
      doi            = "10.1140/epjc/s10052-017-5004-5",
      eprint         = "1603.02934",
      archivePrefix  = "arXiv",
      primaryClass   = "hep-ex",
      reportNumber   = "CERN-PH-EP-2015-304",
      SLACcitation   = "%%CITATION = ARXIV:1603.02934;%%"
}

@techreport{Zheng:2649299,
      author        = "Zheng, Zhi",
      title         = "{Identification of very-low transverse momentum muons with
                       the ATLAS experiment}",
      institution   = "CERN",
      collaboration = "ATLAS Collaboration",
      address       = "Geneva",
      number        = "ATL-MUON-PROC-2018-018",
      month         = "Nov",
      year          = "2018",
      reportNumber  = "ATL-MUON-PROC-2018-018",
      url           = "https://cds.cern.ch/record/2649299",
}

@article{PhysRevD.87.093005,
  title = {$WW$ scattering in the era of post-Higgs-boson discovery},
  author = {Chang, Jung and Cheung, Kingman and Lu, Chih-Ting and Yuan, Tzu-Chiang},
  journal = {Phys. Rev. D},
  volume = {87},
  issue = {9},
  pages = {093005},
  numpages = {6},
  year = {2013},
  month = {May},
  publisher = {American Physical Society},
  doi = {10.1103/PhysRevD.87.093005},
  url = {https://link.aps.org/doi/10.1103/PhysRevD.87.093005}
}

@article{CACCIARI2008119,
title = "Pileup subtraction using jet areas",
journal = "Physics Letters B",
volume = "659",
number = "1",
pages = "119 - 126",
year = "2008",
issn = "0370-2693",
doi = "https://doi.org/10.1016/j.physletb.2007.09.077",
url = "http://www.sciencedirect.com/science/article/pii/S0370269307011094",
author = "Matteo Cacciari and Gavin P. Salam",
}

@techreport{ATL-PHYS-PUB-2015-027,
      title         = "{Performance of missing transverse momentum reconstruction
                       for the ATLAS detector in the first proton-proton
                       collisions at at $\sqrt s$= 13 TeV}",
      institution   = "CERN",
      address       = "Geneva",
      number        = "ATL-PHYS-PUB-2015-027",
      month         = "Jul",
      year          = "2015",
      reportNumber  = "ATL-PHYS-PUB-2015-027",
      url           = "http://cds.cern.ch/record/2037904",
}
@Article{Aaboud2018,
      title="Performance of missing transverse momentum reconstruction with the ATLAS detector using proton--proton collisions at {\$}{\$}{\backslash}sqrt{\{}s{\}}=13{\textasciitilde}{\backslash}hbox {\{}TeV{\}}{\$}{\$}s=13TeV",
      journal="The European Physical Journal C",
      year="2018",
      month="Nov",
      day="08",
      volume="78",
      number="11",
      pages="903",
      issn="1434-6052",
      doi="10.1140/epjc/s10052-018-6288-9",
      url="https://doi.org/10.1140/epjc/s10052-018-6288-9"
}

@article{Cacciari_2008,
	doi = {10.1088/1126-6708/2008/04/063},
	url = {https://doi.org/10.1088%2F1126-6708%2F2008%2F04%2F063},
	year = 2008,
	month = {apr},
	publisher = {Springer Science and Business Media {LLC}},
	volume = {2008},
	number = {04},
	pages = {063--063},
	author = {Matteo Cacciari and Gavin P Salam and Gregory Soyez},
	title = {The anti-ktjet clustering algorithm},
	journal = {Journal of High Energy Physics},
}

@Article{Cacciari2012,
        author="Cacciari, Matteo
        and Salam, Gavin P.
        and Soyez, Gregory",
        title="FastJet user manual",
        journal="The European Physical Journal C",
        year="2012",
        month="Mar",
        day="16",
        volume="72",
        number="3",
        pages="1896",
        issn="1434-6052",
        doi="10.1140/epjc/s10052-012-1896-2",
        url="https://doi.org/10.1140/epjc/s10052-012-1896-2"
}

@article{Aad:2014bia,
      author         = "Aad, Georges and others",
      title          = "{Jet energy measurement and its systematic uncertainty in
                        proton-proton collisions at $\sqrt{s}=7$ TeV with the
                        ATLAS detector}",
      collaboration  = "ATLAS",
      journal        = "Eur. Phys. J.",
      volume         = "C75",
      year           = "2015",
      pages          = "17",
      doi            = "10.1140/epjc/s10052-014-3190-y",
      eprint         = "1406.0076",
      archivePrefix  = "arXiv",
      primaryClass   = "hep-ex",
      reportNumber   = "CERN-PH-EP-2013-222",
      SLACcitation   = "%%CITATION = ARXIV:1406.0076;%%"
}

@article{Aaboud:2017jcu,
      author         = "Aaboud, M. and others",
      title          = "{Jet energy scale measurements and their systematic
                        uncertainties in proton-proton collisions at $\sqrt{s} =
                        13$ TeV with the ATLAS detector}",
      collaboration  = "ATLAS",
      journal        = "Phys. Rev.",
      volume         = "D96",
      year           = "2017",
      number         = "7",
      pages          = "072002",
      doi            = "10.1103/PhysRevD.96.072002",
      eprint         = "1703.09665",
      archivePrefix  = "arXiv",
      primaryClass   = "hep-ex",
      reportNumber   = "CERN-EP-2017-038",
      SLACcitation   = "%%CITATION = ARXIV:1703.09665;%%"
}

@article{Piacquadio_2008,
	doi = {10.1088/1742-6596/119/3/032032},
	url = {https://doi.org/10.1088%2F1742-6596%2F119%2F3%2F032032},
	year = 2008,
	month = {jul},
	publisher = {{IOP} Publishing},
	volume = {119},
	number = {3},
	pages = {032032},
	author = {G Piacquadio and C Weiser},
	title = {A new inclusive secondary vertex algorithm for b-jet tagging in {ATLAS}},
	journal = {Journal of Physics: Conference Series},
}


@article{Speckmayer_2010,
	doi = {10.1088/1742-6596/219/3/032057},
	url = {https://doi.org/10.1088%2F1742-6596%2F219%2F3%2F032057},
	year = 2010,
	month = {apr},
	publisher = {{IOP} Publishing},
	volume = {219},
	number = {3},
	pages = {032057},
	author = {P Speckmayer and A Höcker and J Stelzer and H Voss},
	title = {The toolkit for multivariate data analysis, {TMVA} 4},
	journal = {Journal of Physics: Conference Series},
}

@techreport{ATL-PHYS-PUB-2016-012,
      title         = "{Optimisation of the ATLAS $b$-tagging performance for the
                       2016 LHC Run}",
      institution   = "CERN",
      collaboration = "ATLAS Collaboration",
      address       = "Geneva",
      number        = "ATL-PHYS-PUB-2016-012",
      month         = "Jun",
      year          = "2016",
      reportNumber  = "ATL-PHYS-PUB-2016-012",
      url           = "https://cds.cern.ch/record/2160731",
}

@article{20121,
      title = "Observation of a new particle in the search for the Standard Model Higgs boson with the ATLAS detector at the LHC",
      journal = "Physics Letters B",
      volume = "716",
      number = "1",
      pages = "1 - 29",
      year = "2012",
      issn = "0370-2693",
      doi = "https://doi.org/10.1016/j.physletb.2012.08.020",
      url = "http://www.sciencedirect.com/science/article/pii/S037026931200857X",
}

@article{201230,
      title = "Observation of a new boson at a mass of 125 GeV with the CMS experiment at the LHC",
      journal = "Physics Letters B",
      volume = "716",
      number = "1",
      pages = "30 - 61",
      year = "2012",
      issn = "0370-2693",
      doi = "https://doi.org/10.1016/j.physletb.2012.08.021",
      url = "http://www.sciencedirect.com/science/article/pii/S0370269312008581",
      keywords = "CMS, Physics, Higgs",
}

@article{Lee:1977yc,
      author         = "Lee, Benjamin W. and Quigg, C. and Thacker, H. B.",
      title          = "{The Strength of Weak Interactions at Very High-Energies
                        and the Higgs Boson Mass}",
      journal        = "Phys. Rev. Lett.",
      volume         = "38",
      year           = "1977",
      pages          = "883-885",
      doi            = "10.1103/PhysRevLett.38.883",
      reportNumber   = "FERMILAB-PUB-77-22-THY, FERMILAB-PUB-77-022-T",
      SLACcitation   = "%%CITATION = PRLTA,38,883;%%"
}

@article{Chanowitz:1985hj,
      author         = "Chanowitz, Michael S. and Gaillard, Mary K.",
      title          = "{The TeV Physics of Strongly Interacting W's and Z's}",
      journal        = "Nucl. Phys.",
      volume         = "B261",
      year           = "1985",
      pages          = "379-431",
      doi            = "10.1016/0550-3213(85)90580-2",
      reportNumber   = "LBL-19470, UCB-PTH-85/19",
      SLACcitation   = "%%CITATION = NUPHA,B261,379;%%"
}

@article{Szleper:2014xxa,
      author         = "Szleper, Michał",
      title          = "{The Higgs boson and the physics of $WW$ scattering
                        before and after Higgs discovery}",
      year           = "2014",
      eprint         = "1412.8367",
      archivePrefix  = "arXiv",
      primaryClass   = "hep-ph",
      SLACcitation   = "%%CITATION = ARXIV:1412.8367;%%"
}

@article{PhysRevLett.113.141803,
  title = {Evidence for Electroweak Production of ${W}^{\ifmmode\pm\else\textpm\fi{}}{W}^{\ifmmode\pm\else\textpm\fi{}}jj$ in $pp$ Collisions at $\sqrt{s}=8\text{ }\text{ }\mathrm{TeV}$ with the ATLAS Detector},
  collaboration = {ATLAS Collaboration},
  journal = {Phys. Rev. Lett.},
  volume = {113},
  issue = {14},
  pages = {141803},
  numpages = {19},
  year = {2014},
  month = {Oct},
  publisher = {American Physical Society},
  doi = {10.1103/PhysRevLett.113.141803},
  url = {https://link.aps.org/doi/10.1103/PhysRevLett.113.141803}
}

@article{PhysRevLett.123.161801,
  title = {Observation of Electroweak Production of a Same-Sign $W$ Boson Pair in Association with Two Jets in $pp$ Collisions at $\sqrt{s}=13\text{ }\text{ }\mathrm{TeV}$ with the ATLAS Detector},
  collaboration = {ATLAS Collaboration},
  journal = {Phys. Rev. Lett.},
  volume = {123},
  issue = {16},
  pages = {161801},
  numpages = {21},
  year = {2019},
  month = {Oct},
  publisher = {American Physical Society},
  doi = {10.1103/PhysRevLett.123.161801},
  url = {https://link.aps.org/doi/10.1103/PhysRevLett.123.161801}
}

@article{Sirunyan:2017ret,
      author         = "Sirunyan, Albert M and others",
      title          = "{Observation of electroweak production of same-sign W
                        boson pairs in the two jet and two same-sign lepton final
                        state in proton-proton collisions at $\sqrt{s} = $ 13
                        TeV}",
      collaboration  = "CMS",
      journal        = "Phys. Rev. Lett.",
      volume         = "120",
      year           = "2018",
      number         = "8",
      pages          = "081801",
      doi            = "10.1103/PhysRevLett.120.081801",
      eprint         = "1709.05822",
      archivePrefix  = "arXiv",
      primaryClass   = "hep-ex",
      reportNumber   = "CMS-SMP-17-004, CERN-EP-2017-232",
      SLACcitation   = "%%CITATION = ARXIV:1709.05822;%%"
}

@article{2019469,
      title = "Observation of electroweak W±Z boson pair production in association with two jets in pp collisions at s=13 TeV with the ATLAS detector",
      journal = "Physics Letters B",
      volume = "793",
      pages = "469 - 492",
      year = "2019",
      issn = "0370-2693",
      doi = "https://doi.org/10.1016/j.physletb.2019.05.012",
      url = "http://www.sciencedirect.com/science/article/pii/S0370269319303211",
}

@article{2017682,
      title = "Measurement of vector boson scattering and constraints on anomalous quartic couplings from events with four leptons and two jets in proton–proton collisions at s=13 TeV",
      journal = "Physics Letters B",
      volume = "774",
      pages = "682 - 705",
      year = "2017",
      issn = "0370-2693",
      doi = "https://doi.org/10.1016/j.physletb.2017.10.020",
      url = "http://www.sciencedirect.com/science/article/pii/S0370269317308328",
      keywords = "CMS, Physics, SM, ZZ, VBS, aQGC",
}

@article{Alwall:2014hca,
      author         = "Alwall, J. and Frederix, R. and Frixione, S. and Hirschi,
                        V. and Maltoni, F. and Mattelaer, O. and Shao, H. -S. and
                        Stelzer, T. and Torrielli, P. and Zaro, M.",
      title          = "{The automated computation of tree-level and
                        next-to-leading order differential cross sections, and
                        their matching to parton shower simulations}",
      journal        = "JHEP",
      volume         = "07",
      year           = "2014",
      pages          = "079",
      doi            = "10.1007/JHEP07(2014)079",
      eprint         = "1405.0301",
      archivePrefix  = "arXiv",
      primaryClass   = "hep-ph",
      NOreportNumber   = "CERN-PH-TH-2014-064, CP3-14-18, LPN14-066, MCNET-14-09,
                        ZU-TH-14-14",
      SLACcitation   = "%%CITATION = ARXIV:1405.0301;%%"
}

@article{Ball:2012cx,
      author         = "Ball, Richard D. and others",
      title          = "{Parton distributions with LHC data}",
      journal        = "Nucl. Phys. B",
      volume         = "867",
      year           = "2013",
      pages          = "244-289",
      doi            = "10.1016/j.nuclphysb.2012.10.003",
      eprint         = "1207.1303",
      archivePrefix  = "arXiv",
      primaryClass   = "hep-ph",
      reportNumber   = "EDINBURGH-2012-08, IFUM-FT-997, FR-PHENO-2012-014,
                        RWTH-TTK-12-25, CERN-PH-TH-2012-037, SFB-CPP-12-47",
      SLACcitation   = "%%CITATION = ARXIV:1207.1303;%%"
}

@article{Gleisberg:2008ta,
      author         = "Gleisberg, T. and H{\"o}che, Stefan. and Krauss, F. and
                        Sch{\"o}nherr, M. and Schumann, S. and others",
      title          = "{Event generation with SHERPA 1.1}",
      journal        = "JHEP",
      volume         = "02",
      pages          = "007",
      doi            = "10.1088/1126-6708/2009/02/007",
      year           = "2009",
      eprint         = "0811.4622",
      archivePrefix  = "arXiv",
      primaryClass   = "hep-ph",
}

@article{ball2015parton,
      author         = "Ball, Richard D. and others",
      title          = "{Parton distributions for the LHC run II}",
      collaboration  = "NNPDF",
      journal        = "JHEP",
      volume         = "04",
      year           = "2015",
      pages          = "040",
      doi            = "10.1007/JHEP04(2015)040",
      eprint         = "1410.8849",
      archivePrefix  = "arXiv",
      primaryClass   = "hep-ph",
      reportNumber   = "EDINBURGH-2014-15, IFUM-1034-FT, CERN-PH-TH-2013-253,
                        OUTP-14-11P, CAVENDISH-HEP-14-11",
      SLACcitation   = "%%CITATION = ARXIV:1410.8849;%%"
}

@article{PhysRevD.92.094028,
  title = {QCD corrections to $ZZ$ production in gluon fusion at the LHC},
  author = {Caola, Fabrizio and Melnikov, Kirill and R\"ontsch, Raoul and Tancredi, Lorenzo},
  journal = {Phys. Rev. D},
  volume = {92},
  issue = {9},
  pages = {094028},
  numpages = {9},
  year = {2015},
  month = {Nov},
  publisher = {American Physical Society},
  doi = {10.1103/PhysRevD.92.094028},
  url = {https://link.aps.org/doi/10.1103/PhysRevD.92.094028}
}

@article{Frixione:2007nw,
      author         = "Frixione, Stefano and Ridolfi, Giovanni and Nason, Paolo",
      title          = "{A positive-weight next-to-leading-order Monte Carlo for
                        heavy flavour hadroproduction}",
      journal        = "JHEP",
      volume         = "09",
      year           = "2007",
      pages          = "126",
      doi            = "10.1088/1126-6708/2007/09/126",
      eprint         = "0707.3088",
      archivePrefix  = "arXiv",
      primaryClass   = "hep-ph",
      NOreportNumber   = "BICOCCA-FT-07-12, GEF-TH-19-2007",
      SLACcitation   = "%%CITATION = ARXIV:0707.3088;%%"
}

@Article{Lai:2010vv,
      author         = "Lai, Hung-Liang and others",
      title          = "{New parton distributions for collider physics}",
      journal        = "Phys. Rev. D",
      volume         = "82",
      pages          = "074024",
      doi            = "10.1103/PhysRevD.82.074024",
      year           = "2010",
      eprint         = "1007.2241",
      archivePrefix  = "arXiv",
      primaryClass   = "hep-ph",
      reportNumber   = "MSUHEP-100707, SMU-HEP-10-10",
      SLACcitation   = "%%CITATION = ARXIV:1007.2241;%%",
}

@article{Alioli:2009je,
      author         = "Alioli, Simone and Nason, Paolo and Oleari, Carlo and Re,
                        Emanuele",
      title          = "{NLO single-top production matched with shower in POWHEG:
                        s- and t-channel contributions}",
      journal        = "JHEP",
      volume         = "09",
      year           = "2009",
      pages          = "111",
      doi            = "10.1088/1126-6708/2009/09/111",
      eprint         = "0907.4076",
      archivePrefix  = "arXiv",
      primaryClass   = "hep-ph",
      SLACcitation   = "%%CITATION = ARXIV:0907.4076;%%"
}

@article{Frederix:2012dh,
      author         = "Frederix, Rikkert and Re, Emanuele and Torrielli, Paolo",
      title          = "{Single-top t-channel hadroproduction in the four-flavour
                        scheme with POWHEG and aMC@NLO}",
      journal        = "JHEP",
      volume         = "09",
      year           = "2012",
      pages          = "130",
      doi            = "10.1007/JHEP09(2012)130",
      eprint         = "1207.5391",
      archivePrefix  = "arXiv",
      primaryClass   = "hep-ph",
      NOreportNumber   = "ZU-TH-14-12, IPPP-12-54, DCPT-12-108,
                        CERN-PH-TH-2012-206, LPN12-084, MCNET-12-10, --LPN12-084",
      SLACcitation   = "%%CITATION = ARXIV:1207.5391;%%"
}

@article{Re:2010bp,
      author         = "Re, Emanuele",
      title          = "{Single-top Wt-channel production matched with parton
                        showers using the POWHEG method}",
      journal        = "Eur. Phys. J. C",
      volume         = "71",
      year           = "2011",
      pages          = "1547",
      doi            = "10.1140/epjc/s10052-011-1547-z",
      eprint         = "1009.2450",
      archivePrefix  = "arXiv",
      primaryClass   = "hep-ph",
      NOreportNumber   = "IPPP-10-74, DCPT-10-148",
      SLACcitation   = "%%CITATION = ARXIV:1009.2450;%%"
}

@booklet{ATL-PHYS-PUB-2014-021,
    author         = "ATLAS Collaboration",
    title          = "{ATLAS Pythia~8 tunes to $7\;\mbox{TeV}$ data}",
    howpublished   = "{ATL-PHYS-PUB-2014-021}",
    url            = "https://cds.cern.ch/record/1966419",
    year           = "2014",
}

@article{Bellm:2015jjp,
      author         = "Bellm, Johannes and others",
      title          = "{Herwig 7.0/Herwig++ 3.0 release note}",
      journal        = "Eur. Phys. J. C",
      volume         = "76",
      year           = "2016",
      number         = "4",
      pages          = "196",
      doi            = "10.1140/epjc/s10052-016-4018-8",
      eprint         = "1512.01178",
      archivePrefix  = "arXiv",
      primaryClass   = "hep-ph",
      reportNumber   = "CERN-PH-TH-2015-289, MAN-HEP-2015-15, IFJPAN-IV-2015-13,
                        KA-TP-18-2015, DCPT-15-142, MCNET-15-28, IPPP-15-71,
                        HERWIG-2015-01",
      SLACcitation   = "%%CITATION = ARXIV:1512.01178;%%"
}

@article{Bahr:2008pv,
      author         = "Bahr, M. and others",
      title          = "{Herwig++ Physics and Manual}",
      journal        = "Eur. Phys. J. C",
      volume         = "58",
      year           = "2008",
      pages          = "639-707",
      doi            = "10.1140/epjc/s10052-008-0798-9",
      eprint         = "0803.0883",
      archivePrefix  = "arXiv",
      primaryClass   = "hep-ph",
      reportNumber   = "CERN-PH-TH-2008-038, CAVENDISH-HEP-08-03, KA-TP-05-2008,
                        DCPT-08-22, IPPP-08-11, CP3-08-05",
      SLACcitation   = "%%CITATION = ARXIV:0803.0883;%%"
}

@techreport{ATLAS-CONF-2019-021,
      title         = "{Luminosity determination in $pp$ collisions at
                       $\sqrt{s}=13$ TeV using the ATLAS detector at the LHC}",
      institution   = "CERN",
      collaboration = "ATLAS Collaboration",
      address       = "Geneva",
      number        = "ATLAS-CONF-2019-021",
      month         = "Jun",
      year          = "2019",
      reportNumber  = "ATLAS-CONF-2019-021",
      url           = "http://cds.cern.ch/record/2677054",
}

@article{Avoni_2018,
	doi = {10.1088/1748-0221/13/07/p07017},
	url = {https://doi.org/10.1088%2F1748-0221%2F13%2F07%2Fp07017},
	year = 2018,
	month = {jul},
	publisher = {{IOP} Publishing},
	volume = {13},
	number = {07},
	pages = {P07017--P07017},
	title = {The new {LUCID}-2 detector for luminosity measurement and monitoring in {ATLAS}},
	journal = {Journal of Instrumentation},
}

@article{Coadou_BDT,
	author = {Coadou, Yann},
	year = {2013},
	month = {07},
	pages = {02004-},
	title = {Boosted Decision Trees and Applications},
	volume = {55},
	journal = {EPJ Web of Conferences},
	doi = {10.1051/epjconf/20135502004}
}

@article{ATLAS:2019vrv,
      author         = "The ATLAS collaboration",
      title          = "{Observation of electroweak production of two jets in
                        association with a $Z$-boson pair in $pp$ collisions at
                        $\sqrt{s} = 13$ TeV with the ATLAS detector}",
      collaboration  = "ATLAS",
      year           = "2019",
      reportNumber   = "ATLAS-CONF-2019-033",
      SLACcitation   = "%%CITATION = ATLAS-CONF-2019-033;%%"
}

@techreport{Collaboration:2285585,
      author        = "Collaboration, ATLAS",
      title         = "{Technical Design Report for the ATLAS Inner Tracker Pixel
                       Detector}",
      institution   = "CERN",
      address       = "Geneva",
      number        = "CERN-LHCC-2017-021. ATLAS-TDR-030",
      month         = "Sep",
      year          = "2017",
      reportNumber  = "CERN-LHCC-2017-021",
      url           = "https://cds.cern.ch/record/2285585",
}

@techreport{Collaboration:2285580,
      author        = "Collaboration, ATLAS",
      title         = "{Technical Design Report for the Phase-II Upgrade of the
                       ATLAS Muon Spectrometer}",
      institution   = "CERN",
      address       = "Geneva",
      number        = "CERN-LHCC-2017-017. ATLAS-TDR-026",
      month         = "Sep",
      year          = "2017",
      reportNumber  = "CERN-LHCC-2017-017",
      url           = "https://cds.cern.ch/record/2285580",
}

@techreport{Collaboration:2623663,
      author        = "Collaboration, ATLAS",
      title         = "{Technical Proposal: A High-Granularity Timing Detector
                       for the ATLAS Phase-II Upgrade}",
      institution   = "CERN",
      address       = "Geneva",
      number        = "CERN-LHCC-2018-023. LHCC-P-012",
      month         = "Jun",
      year          = "2018",
      reportNumber  = "CERN-LHCC-2018-023",
      url           = "https://cds.cern.ch/record/2623663",
}

@techreport{ATL-PHYS-PUB-2016-026,
      title         = "{Expected performance for an upgraded ATLAS detector at
                       High-Luminosity LHC}",
      institution   = "CERN",
      collaboration = "ATLAS Collaboration",
      address       = "Geneva",
      number        = "ATL-PHYS-PUB-2016-026",
      month         = "Oct",
      year          = "2016",
      reportNumber  = "ATL-PHYS-PUB-2016-026",
      url           = "https://cds.cern.ch/record/2223839",
}
@article{BRANCO20121,
      title = "Theory and phenomenology of two-Higgs-doublet models",
      journal = "Physics Reports",
      volume = "516",
      number = "1",
      pages = "1 - 102",
      year = "2012",
      note = "Theory and phenomenology of two-Higgs-doublet models",
      issn = "0370-1573",
      doi = "https://doi.org/10.1016/j.physrep.2012.02.002",
      url = "http://www.sciencedirect.com/science/article/pii/S0370157312000695",
      author = "G.C. Branco and P.M. Ferreira and L. Lavoura and M.N. Rebelo and Marc Sher and João P. Silva"
}

@article{PhysRevD.36.3463,
  title = {Strongly interacting singlet-doublet Higgs model},
  author = {Hill, A. and van der Bij, J. J.},
  journal = {Phys. Rev. D},
  volume = {36},
  issue = {11},
  pages = {3463--3473},
  numpages = {0},
  year = {1987},
  month = {Dec},
  publisher = {American Physical Society},
  doi = {10.1103/PhysRevD.36.3463},
  url = {https://link.aps.org/doi/10.1103/PhysRevD.36.3463}
}

@article{DAVOUDIASL200043,
  title = "Bulk gauge fields in the Randall–Sundrum model1Work supported by the Department of Energy, Contract DE-AC03-76SF00515.1",
  journal = "Physics Letters B",
  volume = "473",
  number = "1",
  pages = "43 - 49",
  year = "2000",
  issn = "0370-2693",
  doi = "https://doi.org/10.1016/S0370-2693(99)01430-6",
  url = "http://www.sciencedirect.com/science/article/pii/S0370269399014306",
  author = "H. Davoudiasl and J.L. Hewett and T.G. Rizzo"
}

@Article{Frederix2012,
          author         = "Frederix, Rikkert and Frixione, Stefano",
      title          = "{Merging meets matching in MC@NLO}",
      journal        = "JHEP",
      volume         = "12",
      year           = "2012",
      pages          = "061",
      doi            = "10.1007/JHEP12(2012)061",
      eprint         = "1209.6215",
      archivePrefix  = "arXiv",
      primaryClass   = "hep-ph",
      reportNumber   = "CERN-PH-TH-2012-247, ZU-TH-21-12",
      SLACcitation   = "%%CITATION = ARXIV:1209.6215;%%"
}

@article{graviton,
      author         = "Agashe, Kaustubh and Davoudiasl, Hooman and Perez, Gilad
                        and Soni, Amarjit",
      title          = "{Warped Gravitons at the LHC and Beyond}",
      journal        = "Phys.Rev.",
      volume         = "D76",
      pages          = "036006",
      doi            = "10.1103/PhysRevD.76.036006",
      year           = "2007",
      eprint         = "hep-ph/0701186",
      archivePrefix  = "arXiv",
      primaryClass   = "hep-ph",
      reportNumber   = "SU-4252-843, BNL-HET-07-3, YITP-SB-07-02",
      SLACcitation   = "%%CITATION = HEP-PH/0701186;%%",
}

@Article{PERF-2015-09,
    author         = "{ATLAS Collaboration}",
    title          = "{Jet reconstruction and performance using particle flow with the ATLAS Detector}",
    journal        = "Eur. Phys. J. C",
    volume         = "77",
    year           = "2017",
    pages          = "466",
    doi            = "10.1140/epjc/s10052-017-5031-2",
    reportNumber   = "CERN-EP-2017-024",
    eprint         = "1703.10485",
    archivePrefix  = "arXiv",
    primaryClass   = "hep-ex",
}

@Article{PERF-2014-03,
    author         = "{ATLAS Collaboration}",
    title          = "{Performance of pile-up mitigation techniques for jets in $pp$ collisions at $\sqrt{s} = 8\;\mbox{TeV}$ using the ATLAS detector}",
    journal        = "Eur. Phys. J. C",
    volume         = "76",
    year           = "2016",
    pages          = "581",
    doi            = "10.1140/epjc/s10052-016-4395-z",
    reportNumber   = "CERN-PH-EP-2015-206",
    eprint         = "1510.03823",
    archivePrefix  = "arXiv",
    primaryClass   = "hep-ex",
}

@article{PhysRevD.91.012006,
  title = {Measurements of Higgs boson production and couplings in the four-lepton channel in $pp$ collisions at center-of-mass energies of 7 and 8 TeV with the ATLAS detector},
  collaboration = {ATLAS Collaboration},
  journal = {Phys. Rev. D},
  volume = {91},
  issue = {1},
  pages = {012006},
  numpages = {47},
  year = {2015},
  month = {Jan},
  publisher = {American Physical Society},
  doi = {10.1103/PhysRevD.91.012006},
  url = {https://link.aps.org/doi/10.1103/PhysRevD.91.012006}
}

@article{Cranmer:2000du,
    author = "Cranmer, Kyle S.",
    title = "{Kernel estimation in high-energy physics}",
    eprint = "hep-ex/0011057",
    archivePrefix = "arXiv",
    doi = "10.1016/S0010-4655(00)00243-5",
    journal = "Comput. Phys. Commun.",
    volume = "136",
    pages = "198--207",
    year = "2001"
}

% Crystal Ball
@Booklet{CrystalBall1,
  author         = "Oreglia, M.",
  title          = "{A Study of the Reactions $\psi^\prime \to \gamma\gamma\psi$}",
  school         = "SLAC",
  url            = "https://www.slac.stanford.edu/cgi-wrap/getdoc/slac-r-236.pdf",
  year           = "1980",
  reportNumber   = "SLAC-R-0236",
  SLACcitation   = "%%CITATION = SLAC-0236;%%"
}

@Booklet{CrystalBall2,
  author         = "Gaiser, J.",
  title          = "{Charmonium Spectroscopy From Radiative Decays of the $J/\psi$ and $\psi^\prime$}",
  school         = "SLAC",
  url            = "https://www.slac.stanford.edu/cgi-wrap/getdoc/slac-r-255.pdf",
  year           = "1982",
  reportNumber   = "SLAC-R-0255",
  SLACcitation   = "%%CITATION = SLAC-0255;%%"
}

@article{Goria:2011wa,
      author         = "Goria, Stefano and Passarino, Giampiero and Rosco, Dario",
      title          = "{The Higgs Boson Lineshape}",
      journal        = "Nucl.Phys.",
      volume         = "B864",
      pages          = "530-579",
      doi            = "10.1016/j.nuclphysb.2012.07.006",
      year           = "2012",
      eprint         = "1112.5517",
      archivePrefix  = "arXiv",
      primaryClass   = "hep-ph",
      SLACcitation   = "%%CITATION = ARXIV:1112.5517;%%",
}

@Article{Spira1995,
     author    = "Spira, M. and Djouadi, A. and Graudenz, D. and Zerwas, P. M.",
     title     = "{Higgs boson production at the LHC}",
     journal   = "Nucl. Phys.",
     volume    = "B~453",
     year      = "1995",
     pages     = "17-82",
     eprint    = "hep-ph/9504378",
     archivePrefix = "arXiv",
     REMOVEdoi       = "10.1016/0550-3213(95)00379-7",
     SLACcitation  = "%%CITATION = HEP-PH/9504378;%%"
}

@article{Ball:2012wy,
  author         = "Ball, Richard D. and others",
  title          = "{Parton Distribution Benchmarking with LHC Data}",
  journal        = "JHEP",
  volume         = "04",
  year           = "2013",
  pages          = "125",
  doi            = "10.1007/JHEP04(2013)125",
  eprint         = "1211.5142",
  archivePrefix  = "arXiv",
  primaryClass   = "hep-ph",
  reportNumber   = "CERN-PH-TH-2012-263",
  SLACcitation   = "%%CITATION = ARXIV:1211.5142;%%"
}

@misc{twiki_pmgsyst,
    title  = "{PMG Systematic Uncertainty Recipes}",
    author         = "{ATLAS Collaboration}",
    url    = "https://twiki.cern.ch/twiki/bin/view/AtlasProtected/PmgSystematicUncertaintyRecipes",
}
